% Use this file for citations not found in the ACL Anthology (contained in "anthology.bib").

@misc{dale2023halomi,
      title={HalOmi: A Manually Annotated Benchmark for Multilingual Hallucination and Omission Detection in Machine Translation}, 
      author={David Dale and Elena Voita and Janice Lam and Prangthip Hansanti and Christophe Ropers and Elahe Kalbassi and Cynthia Gao and Loïc Barrault and Marta R. Costa-jussà},
      year={2023},
      eprint={2305.11746},
      archivePrefix={arXiv},
      primaryClass={cs.CL}
}

@inproceedings{vaswani-attention,
 author = {Vaswani, Ashish and Shazeer, Noam and Parmar, Niki and Uszkoreit, Jakob and Jones, Llion and Gomez, Aidan N and Kaiser, \L ukasz and Polosukhin, Illia},
 booktitle = {Advances in Neural Information Processing Systems},
 editor = {I. Guyon and U. Von Luxburg and S. Bengio and H. Wallach and R. Fergus and S. Vishwanathan and R. Garnett},
 pages = {},
 publisher = {Curran Associates, Inc.},
 title = {Attention is All you Need},
 url = {https://proceedings.neurips.cc/paper_files/paper/2017/file/3f5ee243547dee91fbd053c1c4a845aa-Paper.pdf},
 volume = {30},
 year = {2017}
}

@inproceedings{zhang-bertscore,
  author       = {Tianyi Zhang and
                  Varsha Kishore and
                  Felix Wu and
                  Kilian Q. Weinberger and
                  Yoav Artzi},
  title        = {BERTScore: Evaluating Text Generation with {BERT}},
  booktitle    = {8th International Conference on Learning Representations, {ICLR} 2020,
                  Addis Ababa, Ethiopia, April 26-30, 2020},
  publisher    = {OpenReview.net},
  year         = {2020},
  url          = {https://openreview.net/forum?id=SkeHuCVFDr},
  timestamp    = {Wed, 03 Jun 2020 10:08:32 +0200},
  biburl       = {https://dblp.org/rec/conf/iclr/ZhangKWWA20.bib},
  bibsource    = {dblp computer science bibliography, https://dblp.org}
}

@article{Duquenne2023SONARSM,
  title={SONAR: Sentence-Level Multimodal and Language-Agnostic Representations},
  author={Paul-Ambroise Duquenne and Holger Schwenk and Beno{\^i}t Sagot},
  journal={ArXiv},
  year={2023},
  volume={abs/2308.11466},
  url={https://api.semanticscholar.org/CorpusID:261065201}
}

@inproceedings{rag2020,
 author = {Lewis, Patrick and Perez, Ethan and Piktus, Aleksandra and Petroni, Fabio and Karpukhin, Vladimir and Goyal, Naman and K\"{u}ttler, Heinrich and Lewis, Mike and Yih, Wen-tau and Rockt\"{a}schel, Tim and Riedel, Sebastian and Kiela, Douwe},
 booktitle = {Advances in Neural Information Processing Systems},
 editor = {H. Larochelle and M. Ranzato and R. Hadsell and M.F. Balcan and H. Lin},
 pages = {9459--9474},
 publisher = {Curran Associates, Inc.},
 title = {Retrieval-Augmented Generation for Knowledge-Intensive NLP Tasks},
 url = {https://proceedings.neurips.cc/paper_files/paper/2020/file/6b493230205f780e1bc26945df7481e5-Paper.pdf},
 volume = {33},
 year = {2020}
}

@misc{wang2022text,
      title={Text Embeddings by Weakly-Supervised Contrastive Pre-training}, 
      author={Liang Wang and Nan Yang and Xiaolong Huang and Binxing Jiao and Linjun Yang and Daxin Jiang and Rangan Majumder and Furu Wei},
      year={2022},
      eprint={2212.03533},
      archivePrefix={arXiv},
      primaryClass={cs.CL}
}